% dummy reference
@article{dummy2023,
  author  = {John Doe},
  title   = {A Dummy Reference},
  journal = {Journal of True References},
  year    = {2023},
  volume  = {1},
  number  = {1},
  pages   = {1-10},
  doi     = {10.1000/j.jt.2023.01.001}
}